<collection xmlns="http://www.loc.gov/MARC21/slim">
<record>
  <leader>01401nam0a22003011i 450 </leader>
  <controlfield tag="001">IT\ICCU\CNCE\068457</controlfield>
  <controlfield tag="005">20070718000000.0</controlfield>
  <datafield tag="012" ind1=" " ind2=" ">
    <subfield code="a">inre t.eo i-ra bepr (C) 1550 (R)</subfield>
    <subfield code="2">fei</subfield>
  </datafield>
  <datafield tag="100" ind1=" " ind2=" ">
    <subfield code="a">20061017d1550        0itac0103    ba</subfield>
  </datafield>
  <datafield tag="101" ind1=" " ind2=" ">
    <subfield code="a">LAT</subfield>
  </datafield>
  <datafield tag="102" ind1=" " ind2=" ">
    <subfield code="a">IT</subfield>
  </datafield>
  <datafield tag="200" ind1="1" ind2=" ">
    <subfield code="a">℗Constantii Landi ... ℗In epithalamium Catulli annotationes</subfield>
  </datafield>
  <datafield tag="210" ind1=" " ind2=" ">
    <subfield code="a">Papiae</subfield>
    <subfield code="c">\Moscheni</subfield>
    <subfield code="d">Francesco!</subfield>
    <subfield code="d">1550</subfield>
    <subfield code="e">Papiae</subfield>
    <subfield code="g">apud Franciscum Moschenum Bergomensem</subfield>
    <subfield code="h">1550</subfield>
  </datafield>
  <datafield tag="215" ind1=" " ind2=" ">
    <subfield code="a">\36! c.</subfield>
    <subfield code="d">8ʻ</subfield>
  </datafield>
  <datafield tag="620" ind1=" " ind2=" ">
    <subfield code="a">IT</subfield>
    <subfield code="d">Pavia</subfield>
  </datafield>
  <datafield tag="700" ind1=" " ind2="1">
    <subfield code="a">Landi,</subfield>
    <subfield code="b">Costanzo</subfield>
    <subfield code="3">IT\ICCU\CNCA\008748</subfield>
  </datafield>
  <datafield tag="712" ind1="0" ind2="0">
    <subfield code="a">Moscheni, Francesco</subfield>
    <subfield code="3">IT\ICCU\CNCT\000434</subfield>
    <subfield code="4">650</subfield>
  </datafield>
  <datafield tag="790" ind1=" " ind2="1">
    <subfield code="a">Landus,</subfield>
    <subfield code="b">Lucius Cornelius Constantinus</subfield>
    <subfield code="3">IT\ICCU\CNCA\022863</subfield>
    <subfield code="z">Landi, Costanzo</subfield>
  </datafield>
  <datafield tag="790" ind1=" " ind2="1">
    <subfield code="a">Landus,</subfield>
    <subfield code="b">Constantius</subfield>
    <subfield code="3">IT\ICCU\CNCA\022864</subfield>
    <subfield code="z">Landi, Costanzo</subfield>
  </datafield>
  <datafield tag="791" ind1="0" ind2="0">
    <subfield code="a">Muschenus, Franciscus</subfield>
    <subfield code="3">IT\ICCU\CNCT\002432</subfield>
    <subfield code="z">Moscheni, Francesco</subfield>
  </datafield>
  <datafield tag="791" ind1="0" ind2="0">
    <subfield code="a">Moschenius, Franciscus</subfield>
    <subfield code="3">IT\ICCU\CNCT\005229</subfield>
    <subfield code="z">Moscheni, Francesco</subfield>
  </datafield>
  <datafield tag="791" ind1="0" ind2="0">
    <subfield code="a">Moschenio, Francesco</subfield>
    <subfield code="3">IT\ICCU\CNCT\005230</subfield>
    <subfield code="z">Moscheni, Francesco</subfield>
  </datafield>
  <datafield tag="791" ind1="0" ind2="0">
    <subfield code="a">Moscheno, Francesco</subfield>
    <subfield code="3">IT\ICCU\CNCT\005231</subfield>
    <subfield code="z">Moscheni, Francesco</subfield>
  </datafield>
  <datafield tag="791" ind1="0" ind2="0">
    <subfield code="a">Moschenus, Franciscus</subfield>
    <subfield code="3">IT\ICCU\CNCT\005232</subfield>
    <subfield code="z">Moscheni, Francesco</subfield>
  </datafield>
  <datafield tag="791" ind1="0" ind2="2">
    <subfield code="a">Stampa Moscheniana</subfield>
    <subfield code="3">IT\ICCU\CNCT\005233</subfield>
    <subfield code="z">Moscheni, Francesco</subfield>
  </datafield>
  <datafield tag="801" ind1=" " ind2="3">
    <subfield code="a">IT</subfield>
    <subfield code="b">ICCU</subfield>
    <subfield code="c">20201115</subfield>
  </datafield>
  <datafield tag="899" ind1=" " ind2=" ">
    <subfield code="a">Biblioteca Ambrosiana. Milano</subfield>
    <subfield code="1">MI0133</subfield>
    <subfield code="2">VBA 01</subfield>
  </datafield>
  <datafield tag="899" ind1=" " ind2=" ">
    <subfield code="a">Biblioteca nazionale universitaria. Torino</subfield>
    <subfield code="1">TO0265</subfield>
    <subfield code="2">TO0 02</subfield>
  </datafield>
</record>
</collection>
